\nocite{*}
\bibliographystyle{plain}



@book{zisler2018computer,
  title={Computer-Netzwerke: Grundlagen, Funktionsweise, Anwendung},
  author={Zisler, Harald},
  year={2018},
  publisher={Rheinwerk Verlag GmbH}
}

@article{isi-vpn,
	title = {Virtuelles Privates Netz (ISi-VPN)},
	author = {Bundesamt für Sicherheit in der Informationstechnik},
	year={2009},
	publisher={Bundesamt für Sicherheit in der Informationstechnik}

}

@article{isi-client,
	title = {Absicherung eines PC-Clients (ISi-Client),BSI-Studie zur Internet-Sicherheit (ISi-S)},
	author = {Bundesamt für Sicherheit in der Informationstechnik},
	year={2011},
	publisher={Bundesamt für Sicherheit in der Informationstechnik}

}

@article{isi-server,
	title = {Absicherung eines Servers (ISi-Server),BSI-Studie zur Internet-Sicherheit (ISi-S)},
	author = {Bundesamt für Sicherheit in der Informationstechnik},
	year={2013},
	publisher={Bundesamt für Sicherheit in der Informationstechnik}

}

@article{isi-lana,
	title = {Sichere Anbindung von lokalen Netzen an das Internet (ISi-LANA),BSI-Standards zur Internet-Sicherheit (ISi-S)},
	author = {Bundesamt für Sicherheit in der Informationstechnik},
	year={2014},
	publisher={Bundesamt für Sicherheit in der Informationstechnik}

}

@MISC{bsiLogSeg,
	title={M 5.62 Geeignete logische Segmentierung},
	author= {Bundesamt für Sicherheit in der Informationstechnik},
	publisher={Bundesamt für Sicherheit in der Informationstechnik}
	HOWPUBLISHED = "Website",
  	NOTE         = "Online erhältlich unter
                  \url{https://www.bsi.bund.de/DE/Themen/ITGrundschutz/ITGrundschutzKataloge/Inhalt/_content/m/m05/m05062.html};
                  abgerufen am 5. November 2018."
	
}

@Inbook{Portmann2018,
author="Portmann, Armand
and Hirschi, Oliver",
editor="Birrer, Thomas K.
and Rupp, Markus
and Spillmann, Martin",
title="Cybersecurity in Schweizer Unternehmen",
bookTitle="Corporate Treasury Management: Konzepte f{\"u}r die Unternehmenspraxis",
year="2018",
publisher="Springer Fachmedien Wiesbaden",
address="Wiesbaden",
pages="456--473",
abstract="Es gen{\"u}gt heute beim Treasury Management in den Unternehmen nicht mehr, nur die finanziellen und unternehmerischen Risiken zu betrachten und durch geeignete Massnahmen zu mitigieren. Vielmehr m{\"u}ssen auch die bearbeiteten Daten und Informationen einen angemessenen Schutz erhalten. Gerade im Finanzbereich ist die Durchdringung von IT und Gesch{\"a}ftsprozessen {\"a}usserst hoch -- Finanzgesch{\"a}fte werden fast ausschliesslich digital abgewickelt.",
isbn="978-3-658-18567-1",
doi="10.1007/978-3-658-18567-1_20",
url="https://doi.org/10.1007/978-3-658-18567-1_20"
}

@Inbook{ref1,
editor="Lassmann, Wolfgang",
title="IT-Sicherheit",
bookTitle="Wirtschaftsinformatik: Nachschlagewerk f{\"u}r Studium und Praxis",
year="2006",
publisher="Gabler",
address="Wiesbaden",
pages="349--408",
abstract="Die Funktionsf{\"a}higkeit der Informationssysteme bestimmt in einem hohen Ma{\ss}e das t{\"a}gliche Leben. Das Versagen von Systemen oder der Verlust von Daten kann weit reichende Folgen haben, vom Aufwand der Neuerfassung von Daten {\"u}ber den totalen Produktionsausfall bis zu lebensbedrohlichen Situationen z. B. in Krankenh{\"a}usern. Eine weitere Gef{\"a}hrdung stellt die zunehmende Industriespionage dar, die einen hohen wirtschaftlichen Schaden verursachen kann. Der Aspekt der Sicherheit der Informationsverarbeitung hat deshalb einen besonderen Stellenwert. Die Schaffung geeigneter Schutzma{\ss}nahmen wird jedoch in vielen Unternehmen und Institutionen vernachl{\"a}ssigt.",
isbn="978-3-8349-9152-2",
doi="10.1007/978-3-8349-9152-2_9",
url="https://doi.org/10.1007/978-3-8349-9152-2_9"
}

@book{lipp2007vpn,
  booktitle={VPN-virtuelle private Netzwerke: Aufbau und Sicherheit},
  author={Lipp, Manfred},
  year={2007},
  publisher={Addison-Wesley}
}

@book{hubertz2013,
  booktitle={Netzwerk mit Schutzmaßnahmen},
  author={Hubertz, Johannes},
  year={2013},
  publisher={Lehmanns Media Berlin}
}

@incollection{merschbacher2018poller,
  author={Merschbacher, Adam},
  booktitle={Sicherheitsfibel},
  year={2018},
  publisher={Springer}
}

@Article{Brockmann2018,
author="Brockmann, Hans-Christian",
title="Effizientes und verantwortungsvolles Datenmanagement im Zeitalter der DSGVO",
journal="Datenschutz und Datensicherheit - DuD",
year="2018",
month="Oct",
day="01",
volume="42",
number="10",
pages="634--639",
abstract="Die DSGVO ist nicht nur rechtlich eine Herausforderung. Sie stellt Unternehmen vor allem auch technisch und organisatorisch-kulturell auf die Probe. Bestehende Datenmanagementans{\"a}tze scheitern, wenn es darum geht, die kommenden Regulationen kosteneffizient, transparent und rechtskonform in die IT-Landschaft zu integrieren. Ein semantisches Datenmanagement auf Metadatenebene schafft Compliance, ohne das Kerngesch{\"a}ft und den IT-Betrieb im Unternehmen zu belasten.",
issn="1862-2607",
doi="10.1007/s11623-018-1015-0",
url="https://doi.org/10.1007/s11623-018-1015-0"
}


@Article{Henseler-Unger2018,
author="Henseler-Unger, Iris
and Hillebrand, Annette",
title="Aktuelle Lage der IT-Sicherheit in KMU",
journal="Datenschutz und Datensicherheit - DuD",
year="2018",
month="Nov",
day="01",
volume="42",
number="11",
pages="686--690",
abstract="Kleine und mittlere Unternehmen stehen vor der Herausforderung, bei zunehmender Digitalisierung auch die Befassung mit den Themen IT-Sicherheit und den Datenschutz zu intensivieren. Trotz einer hohen Risikowahrnehmung ist die Bereitschaft, eine IT-Sicherheitsanalyse durchzuf{\"u}hren und geeignete Ma{\ss}nahmen zu ergreifen, immer noch gering. Dies zeigt ein Vergleich von WIK-Repr{\"a}sentativerhebungen 2011/12 und 2017. Was kann man tun, um nachhaltige Ver{\"a}nderungen zu bewirken?",
issn="1862-2607",
doi="10.1007/s11623-018-1025-y",
url="https://doi.org/10.1007/s11623-018-1025-y"
}


@Article{Broadnax2017,
author="Broadnax, Brandon
and Mechler, Jeremias
and M{\"u}ller-Quade, J{\"o}rn
and Nagel, Matthias
and Rill, Jochen",
title="Sicherheit relativ definieren",
journal="Datenschutz und Datensicherheit - DuD",
year="2017",
month="Jan",
day="01",
volume="41",
number="1",
pages="24--28",
abstract="In der modernen Kryptographie wird „Sicherheit`` mathematisch definiert. Einer der etablierten Ans{\"a}tze, Sicherheit zu definieren, ist die „Simulationsbasierte Sicherheit``, bei der Sicherheit keine absolute Gr{\"o}{\ss}e ist, sondern durch Vergleich mit fiktionalen, ideal sicheren kryptographischen Protokollen definiert wird. Dieser Artikel stellt neue Entwicklungen vor.",
issn="1862-2607",
doi="10.1007/s11623-017-0720-4",
url="https://doi.org/10.1007/s11623-017-0720-4"
}

@article{union2016verordnung,
  title={Verordnung (EU) 2016/679 des Europ{\"a}ischen Parlaments und des Rates vom 27. April 2016 zum Schutz nat{\"u}rlicher Personen bei der Verarbeitung personenbezogener Daten, zum freien Datenverkehr und zur Aufhebung der Richtlinie 95/46/EG (Datenschutz-Grundverordnung)},
  author={Union, Europ{\"a}ische},
  journal={EG (Datenschutz-Grundverordnung) Amtsblatt der Europ{\"a}ischen Union},
  year={2016}
}
	
@article{perta2015glance,
  title={A glance through the VPN looking glass: IPv6 leakage and DNS hijacking in commercial VPN clients},
  author={Perta, Vasile C and Barbera, Marco V and Tyson, Gareth and Haddadi, Hamed and Mei, Alessandro},
  journal={Proceedings on Privacy Enhancing Technologies},
  volume={2015},
  number={1},
  pages={77--91},
  year={2015},
  publisher={De Gruyter Open}
}


@article{nicholson2018blurring,
  title={Blurring the boundaries between networking and IT security},
  author={Nicholson, Dave},
  journal={Network Security},
  volume={2018},
  number={1},
  pages={11--13},
  year={2018},
  publisher={Elsevier}
}


@Article{Verginadis2017,
author="Verginadis, Yiannis
and Michalas, Antonis
and Gouvas, Panagiotis
and Schiefer, Gunther
and H{\"u}bsch, Gerald
and Paraskakis, Iraklis",
title="PaaSword: A Holistic Data Privacy and Security by Design Framework for Cloud Services",
journal="Journal of Grid Computing",
year="2017",
month="Jun",
day="01",
volume="15",
number="2",
pages="219--234",
abstract="Enterprises increasingly recognize the compelling economic and operational benefits from virtualizing and pooling IT resources in the cloud. Nevertheless, the significant and valuable transformation of organizations that adopt cloud computing is accompanied by a number of security threats that should be considered. In this paper, we outline significant security challenges presented when migrating to a cloud environment and propose PaaSword -- a novel holistic framework that aspires to alleviate these challenges. Specifically, the proposed framework involves a context-aware security model, the necessary policies enforcement mechanism along with a physical distribution, encryption and query middleware.",
issn="1572-9184",
doi="10.1007/s10723-017-9394-2",
url="https://doi.org/10.1007/s10723-017-9394-2"
}

@Article{Schoknecht2016,
author="Schoknecht, Andreas
and Schiefer, Gunther
and Citak, Murat
and Oberweis, Andreas",
title="Security-by-Design in der Cloud-Anwendungsentwicklung",
journal="HMD Praxis der Wirtschaftsinformatik",
year="2016",
month="Oct",
day="01",
volume="53",
number="5",
pages="688--697",
abstract="Unternehmen erkennen zunehmend die {\"o}konomischen und operationalen Vorteile von Cloud Computing, die es ihnen erm{\"o}glichen, sowohl signifikante Kosteneinsparungen zu erzielen als auch den Einsatz neuer Software-Anwendungen zu beschleunigen. Der Einsatz von Cloud Computing erfordert jedoch eine zunehmende Betrachtung neuer Herausforderungen an die Sicherheit von Daten, die eine gro{\ss}e Barriere f{\"u}r eine breitere Akzeptanz von Cloud Computing sind. In diesem Artikel werden Erkenntnisse aus dem von der EU gef{\"o}rderten Projekt PaaSword vorgestellt, welches das Ziel verfolgt, das Vertrauen in Cloud Computing zu erh{\"o}hen. In diesem Projekt wird ein holistisches Datensicherheits-Framework entwickelt, wobei der Fokus auf Software-Entwicklern liegt, die bei der Entwicklung von sicheren Cloud-Anwendungen und -Diensten unterst{\"u}tzt werden sollen. Dazu wird zun{\"a}chst das zugrundeliegende Architektur-Konzept f{\"u}r eine sichere Speicherung von Daten vorgestellt, um dann vertieft auf die kontextbasierte Zugriffskomponente einzugehen. Zentraler Aspekt dieser Zugriffskomponente ist ein kontextbasiertes Zugriffsmodell, das von Entwicklern zur Annotation von Data Access Objects verwendet werden kann. Das Zugriffsmodell baut auf einem Attribute-based Access Control Modell auf. Dabei werden Zugriffsrechte gew{\"a}hrt, indem Zugriffsregeln ausgewertet werden, welche Kontextattribute ber{\"u}cksichtigen. Zu diesen Attributen k{\"o}nnen beispielsweise die IP-Adresse des anfragenden Ger{\"a}ts, die Art des verwendeten Ger{\"a}ts oder die Rolle des Nutzers innerhalb einer Organisation geh{\"o}ren. Im PaaSword-Zugriffsmodell werden Aspekte konzeptualisiert, die bei der Auswahl von Datenzugriffsregeln beachtet werden sollen und mit deren Hilfe das kontextbasierte Zugriffsmodell festlegt, auf welche Daten unter welchen Bedingungen zugegriffen werden darf. Die Formulierung der Regeln baut auf dem XACML-Standard auf, der es erm{\"o}glicht, einzelne Regeln mit Kontextbedingungen zu komplexeren Regelwerken zusammenzufassen.",
issn="2198-2775",
doi="10.1365/s40702-016-0258-1",
url="https://doi.org/10.1365/s40702-016-0258-1"
}


@Article{Junk2018,
author="Junk, G{\"u}nter
and Widler, Mathias",
title="BYOD",
journal="Digitale Welt",
year="2018",
month="Apr",
day="01",
volume="2",
number="2",
pages="49--52",
issn="2569-1996",
doi="10.1007/s42354-018-0076-4",
url="https://doi.org/10.1007/s42354-018-0076-4"
}

@Article{Loss2016,
author="Loss, Dirk
and D{\"o}rnemann, Kai
and Brinner, Andreas",
title="Sicherheit au{\ss}erhalb der Festung",
journal="Informatik-Spektrum",
year="2016",
month="Apr",
day="01",
volume="39",
number="2",
pages="138--146",
abstract="Mobiles Arbeiten ben{\"o}tigt Ger{\"a}te mit geeigneten Sicherheitsfunktionen. Auf Laptops im mobilen Einsatz sind alle lokalen Daten verschl{\"u}sselt zu speichern und Kommunikationsverbindungen zum Firmennetz m{\"u}ssen durch Firewall- und VPN-Funktionen abgesichert werden. Bisherige L{\"o}sungen hierzu sind Teil der g{\"a}ngigen Standardbetriebssysteme oder werden als Softwarepakete zus{\"a}tzlich installiert. Gelingt es jedoch einem Angreifer, Schwachstellen im Betriebssystem auszunutzen und administrative Rechte zu erlangen, kann er die Sicherheitsfunktionen einfach deaktivieren oder umgehen. Im Modul ,,Sicheres Mobiles Arbeiten und Bezahlen`` des Verbundprojekts ,,Das Mobile Internet der Zukunft`` wurde unter dem Namen ,,cyber-top`` eine microkernelbasierte Softwareplattform f{\"u}r mobile Laptoparbeitspl{\"a}tze entwickelt, bei der die Sicherheitsfunktionen (Firewall/VPN und Festplattenverschl{\"u}sselung) zwar ebenfalls im Laptop integriert, aber vertrauensw{\"u}rdig vom Standardbetriebssystem separiert sind, sodass sie nicht umgangen werden k{\"o}nnen. Der Artikel beschreibt die Systemarchitektur des cyber-top und erl{\"a}utert die Implementierung der einzelnen Sicherheitsmechanismen. ",
issn="1432-122X",
doi="10.1007/s00287-015-0945-2",
url="https://doi.org/10.1007/s00287-015-0945-2"
}

@article{akram2017future,
  title={Future and Techniques of Implementing Security in VLAN},
  author={Akram, Jazeb and Akram, Nabeela and Mamoon, Saqib and Ali, Sheraz and Naseer, Nouman},
  journal={Journal of Network Communications and Emerging Technologies (JNCET)},
  volume={7},
  number={5},
  year={2017}
}

@inproceedings{mehdizadeha2017virtual,
  title={Virtual Local Area Network (VLAN): Segmentation and Security},
  author={Mehdizadeha, Abbas and Suinggia, Kevin and Mohammadpoorb, Mojtaba and Haruna, Harlina},
  booktitle={The Third International Conference on Computing Technology and Information Management (ICCTIM2017)},
  pages={78},
  year={2017}
}


@book{cisco2014switched,
  title={Switched Networks Companion Guide},
  author={Cisco Networking Academy and Cisco Networking Academy Program},
  year={2014},
  publisher={Pearson Education}
}

@article{wik2017KMU,
	title={Aktuelle Lage der IT-Sicherheit in KMU},
	author={Annette Hillebrand, Antonia Niederprüm, Saskja Schäfer Sonja Thiele, Dr. Iris Henseler-Unger}
	year={2017}
	publisher={Wissenschaftliches Institut für Infrastruktur und Kommunikationsdienste}
	}
	
	
@article{ibrahim2017virtual,
  title={Virtual Private Network (VPN) Management and IPSec Tunneling Technology},
  author={Ibrahim, Lana},
  journal={Middle East},
  number={1},
  year={2017}
}	
	
@INPROCEEDINGS{6194494, 
author={A. K. Singh and S. G. Samaddar and A. K. Misra}, 
booktitle={2012 1st International Conference on Recent Advances in Information Technology (RAIT)}, 
title={Enhancing VPN security through security policy management}, 
year={2012}, 
volume={}, 
number={}, 
pages={137-142}, 
keywords={authorisation;computer network security;cryptography;formal specification;open systems;protocols;virtual private networks;VPN security;security policy management;protocol compliance;interoperability issue;legal binding;firewall;VPN category;IPsec access configuration;RFC specification;authentication;cryptography;IPSec security protocol;communication security;virtual private network;Virtual private networks;Protocols;Authentication;Encryption;Internet;Security and Protection;PKI;Cryptography;VPN security;Security Compliance;Firewall;Iptable}, 
doi={10.1109/RAIT.2012.6194494}, 
ISSN={}, 
month={March},}	
	
	
	@inproceedings{meinel2012grundlage,
  title={Die Grundlage des Internets: TCP/IP-Referenzmodell},
  author={Meinel, Christoph and Sack, Harald},
  booktitle={Internetworking},
  pages={31--67},
  year={2012},
  organization={Springer}
}

@article{gokulakrishnan2014survey,
  title={A SURVEY REPORT ON VPN SECURITY \& ITS TECHNOLOGIES},
  author={GOKULAKRISHNAN, JAYANTHI and Bai, DR V Thulasi},
  journal={Indian Journal of Computer Scienceand Engineering (IJCSE)},
  volume={5},
  number={4},
  year={2014},
  publisher={Citeseer}
}